<?xml version="1.0" encoding="UTF-8"?><collection xmlns="http://www.loc.gov/MARC21/slim"><record><leader>00363nam--2200121-i-4500</leader><controlfield tag="001">000027661</controlfield><controlfield tag="002">20161230</controlfield><controlfield tag="005">20161230201036</controlfield><controlfield tag="008">060222s1000------------r-----000-0-eng-d</controlfield><datafield ind1=" " ind2=" " tag="100"><subfield code="a">Kresze, Gunter</subfield></datafield><datafield ind1=" " ind2=" " tag="245"><subfield code="a">Physikalische methoden in der organischen chemie</subfield></datafield><datafield ind1=" " ind2=" " tag="260"><subfield code="a">Berlin, Walter De Gruyter &amp; Co., 1962, 119p.+ Gesamtverzeichnis Der Samml.Gosch</subfield></datafield><datafield ind1=" " ind2=" " tag="852"><subfield code="a">17944</subfield></datafield></record></collection>